<record><leader>00000cas a22000007a 4500</leader><controlfield tag="001">26394211</controlfield><controlfield tag="008">920814c19779999nmucr ne      0   a0eng d</controlfield><datafield ind1=" " ind2=" " tag="010"><subfield code="a">sn 92070441 </subfield></datafield><datafield ind1=" " ind2=" " tag="040"><subfield code="a">NVM</subfield><subfield code="b">eng</subfield><subfield code="c">NVM</subfield><subfield code="d">NSD</subfield><subfield code="d">NVM</subfield><subfield code="d">OCLCQ</subfield><subfield code="d">OCLCF</subfield><subfield code="d">OCLCO</subfield></datafield><datafield ind1=" " ind2=" " tag="012"><subfield code="m">1</subfield></datafield><datafield ind1="1" ind2=" " tag="022"><subfield code="a">1071-3492</subfield><subfield code="l">1071-3492</subfield><subfield code="2">1</subfield></datafield><datafield ind1="1" ind2=" " tag="029"><subfield code="a">AU@</subfield><subfield code="b">000020719559</subfield></datafield><datafield ind1=" " ind2=" " tag="032"><subfield code="a">655180</subfield><subfield code="b">USPS</subfield></datafield><datafield ind1=" " ind2=" " tag="037"><subfield code="b">Valencia County News-Bulletin, POB 25, Belen, NM 87002</subfield></datafield><datafield ind1=" " ind2=" " tag="042"><subfield code="a">msc</subfield><subfield code="a">nsdp</subfield></datafield><datafield ind1=" " ind2=" " tag="043"><subfield code="a">n-us-nm</subfield></datafield><datafield ind1=" " ind2="0" tag="222"><subfield code="a">Valencia County news-bulletin</subfield></datafield><datafield ind1="0" ind2="0" tag="245"><subfield code="a">Valencia County news-bulletin.</subfield></datafield><datafield ind1="1" ind2="7" tag="246"><subfield code="a">News bulletin</subfield></datafield><datafield ind1=" " ind2=" " tag="260"><subfield code="a">Belen, N.M. :</subfield><subfield code="b">Modern Press</subfield></datafield><datafield ind1=" " ind2=" " tag="300"><subfield code="a">v.</subfield></datafield><datafield ind1=" " ind2=" " tag="310"><subfield code="a">Semiweekly,</subfield><subfield code="b">&lt;June 7, 1995&gt;-</subfield></datafield><datafield ind1=" " ind2=" " tag="321"><subfield code="a">Semiweekly,</subfield><subfield code="b">1977-Feb. 27, 1993</subfield></datafield><datafield ind1=" " ind2=" " tag="321"><subfield code="a">Weekly,</subfield><subfield code="b">Mar. 5, 1993-&lt;May 26, 1995&gt;</subfield></datafield><datafield ind1="0" ind2=" " tag="362"><subfield code="a">[Vol. 67, no. 1] Jan. 3, 1977-</subfield></datafield><datafield ind1=" " ind2=" " tag="500"><subfield code="a">Published as: News-bulletin, Aug. 1, 1992-May 14, 1993.</subfield></datafield><datafield ind1=" " ind2=" " tag="515"><subfield code="a">Issues for Jan. 10, 1977- called v. 67, no. 3-</subfield></datafield><datafield ind1=" " ind2=" " tag="530"><subfield code="a">Also on microfilm: El Paso, Tex. : Southwest Micropublishing, Inc.</subfield></datafield><datafield ind1=" " ind2=" " tag="588"><subfield code="a">Latest issue consulted: Vol. 83, no. 38 (July 16, 1993).</subfield></datafield><datafield ind1=" " ind2="0" tag="651"><subfield code="a">Belen (N.M.)</subfield><subfield code="v">Newspapers.</subfield></datafield><datafield ind1=" " ind2="0" tag="651"><subfield code="a">Valencia County (N.M.)</subfield><subfield code="v">Newspapers.</subfield></datafield><datafield ind1=" " ind2="7" tag="655"><subfield code="a">Newspapers.</subfield><subfield code="2">fast</subfield><subfield code="0">(OCoLC)fst01423814</subfield></datafield><datafield ind1=" " ind2="7" tag="651"><subfield code="a">New Mexico</subfield><subfield code="z">Belen.</subfield><subfield code="2">fast</subfield><subfield code="0">(OCoLC)fst01250292</subfield></datafield><datafield ind1=" " ind2="7" tag="651"><subfield code="a">New Mexico</subfield><subfield code="z">Valencia County.</subfield><subfield code="2">fast</subfield><subfield code="0">(OCoLC)fst01218301</subfield></datafield><datafield ind1=" " ind2=" " tag="752"><subfield code="a">United States</subfield><subfield code="b">New Mexico</subfield><subfield code="c">Valencia</subfield><subfield code="d">Belen.</subfield></datafield><datafield ind1="0" ind2="4" tag="780"><subfield code="t">News-bulletin (Belen, N.M.)</subfield><subfield code="w">(DLC)sn 92070440</subfield></datafield><datafield ind1="0" ind2="4" tag="780"><subfield code="t">Valencia County news</subfield><subfield code="w">(DLC)sn 92070456</subfield></datafield></record>